
IEEEexample.bib 
V1.12 (2007/01/11)
Copyright (c) 2002-2007 by Michael Shell
See: http://www.michaelshell.org/
for current contact information.

This is an example BibTeX database for the official IEEEtran.bst
BibTeX style file.

Some entries call strings that are defined in the IEEEabrv.bib file.
Therefore, IEEEabrv.bib should be loaded prior to this file. 
Usage: 

%\bibliographystyle{./IEEEtran}
%\bibliography{./IEEEfull,./IEEEexample}


@article{parrot,
  author        = "DRONE REF",
  title         = "A Novel Ultrathin Elevated Channel Low-temperature 
                   Poly-{Si} {TFT}",
  journal       = IEEE_J_EDL,
  volume        = "20",
  month         = nov,
  year          = "1999",
  pages         = "569-571"
}

@article{starmac,
  author        = "STARMAC REF",
  title         = "A Novel Ultrathin Elevated Channel Low-temperature 
                   Poly-{Si} {TFT}",
  journal       = IEEE_J_EDL,
  volume        = "20",
  month         = nov,
  year          = "1999",
  pages         = "569-571"
}
@article{grasp,
  author        = "GRASP REF",
  title         = "A Novel Ultrathin Elevated Channel Low-temperature 
                   Poly-{Si} {TFT}",
  journal       = IEEE_J_EDL,
  volume        = "20",
  month         = nov,
  year          = "1999",
  pages         = "569-571"
}


